


@misc{GoogleDevelopers_2006,
  author =        {{Google Developers}},
  howpublished =  {https://developers.google.com/transit/gtfs/},
  institution =   {Google},
  title =         {What is {GTFS}?},
  year =          {2006},
}

